@article{mortensen2015,
  title={Oasis: A high-level/high-performance open source Navier--Stokes solver},
  author={Mortensen, Mikael and Valen-Sendstad, Kristian},
  journal={Computer physics communications},
  volume={188},
  pages={177--188},
  year={2015},
  publisher={Elsevier}
}